[gd_scene load_steps=13 format=2]

[ext_resource path="res://Code/Tela Inicial.gd" type="Script" id=1]
[ext_resource path="res://Assets/Plano de Fundo/NuvensContinuas.png" type="Texture" id=2]
[ext_resource path="res://Assets/Plano de Fundo/BibliotecaSemTitulo.png" type="Texture" id=3]
[ext_resource path="res://Assets/Plano de Fundo/Titulo.png" type="Texture" id=4]
[ext_resource path="res://Scenes/Objetos/Personagem.tscn" type="PackedScene" id=5]
[ext_resource path="res://Assets/Personagens/Boneco2/Outro.tres" type="SpriteFrames" id=6]
[ext_resource path="res://Assets/Personagens/Boneco3/Raissa.tres" type="SpriteFrames" id=7]
[ext_resource path="res://Assets/Personagens/Boneco4/Vitoria.tres" type="SpriteFrames" id=8]
[ext_resource path="res://Assets/Interface/EntrarVerde.png" type="Texture" id=9]

[sub_resource type="Animation" id=1]

resource_name = "Nuvens Movendo"
length = 10.0
loop = true
step = 0.1
tracks/0/type = "value"
tracks/0/path = NodePath(".:region_rect")
tracks/0/interp = 1
tracks/0/loop_wrap = true
tracks/0/imported = false
tracks/0/enabled = true
tracks/0/keys = {
"times": PoolRealArray( 0, 10 ),
"transitions": PoolRealArray( 1, 1 ),
"update": 0,
"values": [ Rect2( 0, 0, 1600, 600 ), Rect2( 1600, 0, 1600, 600 ) ]
}

[sub_resource type="Animation" id=2]

resource_name = "Fade_in"
length = 1.0
loop = false
step = 0.1
tracks/0/type = "value"
tracks/0/path = NodePath(".:modulate")
tracks/0/interp = 2
tracks/0/loop_wrap = true
tracks/0/imported = false
tracks/0/enabled = true
tracks/0/keys = {
"times": PoolRealArray( 0, 1 ),
"transitions": PoolRealArray( 1, 0.25 ),
"update": 0,
"values": [ Color( 1, 1, 1, 0 ), Color( 1, 1, 1, 1 ) ]
}

[sub_resource type="Animation" id=3]

resource_name = "Fade_out"
length = 1.0
loop = false
step = 0.1
tracks/0/type = "value"
tracks/0/path = NodePath(".:modulate")
tracks/0/interp = 2
tracks/0/loop_wrap = true
tracks/0/imported = false
tracks/0/enabled = true
tracks/0/keys = {
"times": PoolRealArray( 0, 1 ),
"transitions": PoolRealArray( 1, 4 ),
"update": 0,
"values": [ Color( 1, 1, 1, 1 ), Color( 1, 1, 1, 0 ) ]
}

[node name="Tela Inicial" type="Node2D" index="0"]

script = ExtResource( 1 )

[node name="Nuvens" type="Sprite" parent="." index="0"]

scale = Vector2( 0.8, 0.8 )
texture = ExtResource( 2 )
centered = false
region_enabled = true
region_rect = Rect2( 1231.91, 0, 1600, 600 )
_sections_unfolded = [ "Animation", "Grow Direction", "Offset", "Rect", "Region", "Transform", "Z Index" ]

[node name="ANuvens" type="AnimationPlayer" parent="Nuvens" index="0"]

root_node = NodePath("..")
autoplay = "Nuvens Movendo"
playback_process_mode = 1
playback_default_blend_time = 0.0
playback_speed = 1.0
"anims/Nuvens Movendo" = SubResource( 1 )
blend_times = [  ]

[node name="BG" type="Sprite" parent="." index="1"]

scale = Vector2( 0.8, 0.8 )
texture = ExtResource( 3 )
centered = false
_sections_unfolded = [ "Animation", "Offset", "Region", "Transform" ]

[node name="Titulo" type="Sprite" parent="." index="2"]

modulate = Color( 1, 1, 1, 0 )
scale = Vector2( 0.8, 0.8 )
texture = ExtResource( 4 )
centered = false
_sections_unfolded = [ "Animation", "Material", "Offset", "Pause", "Region", "Transform", "Visibility", "Z Index" ]

[node name="ATitulo" type="AnimationPlayer" parent="Titulo" index="0"]

root_node = NodePath("..")
autoplay = "Fade_in"
playback_process_mode = 1
playback_default_blend_time = 0.0
playback_speed = 1.0
anims/Fade_in = SubResource( 2 )
anims/Fade_out = SubResource( 3 )
blend_times = [  ]
_sections_unfolded = [ "Playback Options" ]

[node name="Gabriel" parent="." index="3" instance=ExtResource( 5 )]

position = Vector2( 210, 630 )

[node name="Balao" parent="Gabriel" index="1"]

margin_left = -430.0
margin_top = -1110.0
margin_right = 470.0
margin_bottom = -361.0
_sections_unfolded = [ "Anchor", "Focus", "Grow Direction", "Hint", "Margin", "Material", "Mouse", "Patch Margin", "Rect", "Size Flags", "Theme", "Visibility" ]

[node name="Outro" parent="." index="4" instance=ExtResource( 5 )]

editor/display_folded = true
position = Vector2( 476, 640 )
frames = ExtResource( 6 )
frame = 5

[node name="richTextLabel" parent="Outro/Balao" index="0"]

bbcode_text = ""
text = ""

[node name="Raissa" parent="." index="5" instance=ExtResource( 5 )]

editor/display_folded = true
position = Vector2( 837, 640 )
frames = ExtResource( 7 )
frame = 5

[node name="richTextLabel" parent="Raissa/Balao" index="0"]

bbcode_text = "Oi, meu nome é Gabriela, eu estou prestes a iniciar o primeiro semestre de Ciências da computação e sou natural da cidade de sobral. Eu sei que existem bolsas pra auxílio financeiro, mas a parte da alimentação me preocupa, pois costuma gerar despesas muito altas, você tem ideia de algo que possa resolver meu problema? eu ouvi falar sobre um restaurante na universidade e que talvez eu nem precise pagar pra ter acessoa a ele, mas simplesmente não sei onde encontrar informações sobre isso. Se você puder me ajudar eu vou ficar muito agradecida."
text = "Oi, meu nome é Gabriela, eu estou prestes a iniciar o primeiro semestre de Ciências da computação e sou natural da cidade de sobral. Eu sei que existem bolsas pra auxílio financeiro, mas a parte da alimentação me preocupa, pois costuma gerar despesas muito altas, você tem ideia de algo que possa resolver meu problema? eu ouvi falar sobre um restaurante na universidade e que talvez eu nem precise pagar pra ter acessoa a ele, mas simplesmente não sei onde encontrar informações sobre isso. Se você puder me ajudar eu vou ficar muito agradecida."

[node name="Vitoria" parent="." index="6" instance=ExtResource( 5 )]

editor/display_folded = true
position = Vector2( 1095, 639 )
frames = ExtResource( 8 )
frame = 5

[node name="richTextLabel" parent="Vitoria/Balao" index="0"]

bbcode_text = ""
text = ""

[node name="Entrar" type="TextureButton" parent="." index="7"]

anchor_left = 0.0
anchor_top = 0.0
anchor_right = 0.0
anchor_bottom = 0.0
margin_left = 560.0
margin_top = 540.0
margin_right = 720.0
margin_bottom = 700.0
rect_pivot_offset = Vector2( 0, 0 )
rect_clip_content = false
focus_mode = 2
mouse_filter = 0
mouse_default_cursor_shape = 0
size_flags_horizontal = 1
size_flags_vertical = 1
toggle_mode = false
enabled_focus_mode = 2
shortcut = null
group = null
texture_normal = ExtResource( 9 )
_sections_unfolded = [ "Anchor", "Grow Direction", "Margin", "Rect", "Textures" ]


[editable path="Gabriel"]
[editable path="Outro"]
[editable path="Raissa"]
[editable path="Vitoria"]
